
%Bibliografía
% Este es el archivo BibTeX y aqui deberás incluir todas las referencias que utilices en tu trabajo. Es altamente recomendable  utilizar programas de gestión de bibliografía como Zotero o Mendeley, pero muchas publicaciones permiten exportar la cita directamente en formato BibTeX y siempre está la opción de escribirlo manualmente.  

%Recuerda que no aparecera en el apartado de referencias del documento original hasta que lo cites en el texto. Dicho de otro modo, incluir aqui cualquier referencia no será incluido automáticamente en la bibliografía final.



@book{tfg_sample,
  title={Plantilla para TFG con LaTeX},
  author={Mezquita, Alvaro},
  year={2024}, 
  publisher={Universidad de Málaga}
}  

@article{baccini2007edgeworth,
  title={Edgeworth on the Foundations of Ethics and Probability},
  author={Baccini, Alberto},
  journal={The European Journal of the History of Economic Thought},
  volume={14},
  number={1},
  pages={79--96},
  year={2007},
  publisher={Taylor \& Francis}
}

@article{cobb_theory_1928,
	title = {A {Theory} of {Production}},
	volume = {18},
	issn = {00028282, 19447981},
	url = {http://www.jstor.org/stable/1811556},
	number = {1},
	urldate = {2024-06-29},
	journal = {The American Economic Review},
	author = {Cobb, Charles W. and Douglas, Paul H.},
	year = {1928},
	pages = {139--165},
}
